<record><leader>00000cas a2200000 a 4500</leader><controlfield tag="001">20112395</controlfield><controlfield tag="008">890802c19829999iluwr ne      0   a0eng c</controlfield><datafield ind1=" " ind2=" " tag="010"><subfield code="a">sn 89008513 </subfield></datafield><datafield ind1=" " ind2=" " tag="040"><subfield code="a">NSD</subfield><subfield code="b">eng</subfield><subfield code="c">NSD</subfield><subfield code="d">CVF</subfield><subfield code="d">NSD</subfield><subfield code="d">SERSO</subfield><subfield code="d">OCLCQ</subfield><subfield code="d">NVF</subfield><subfield code="d">OCLCF</subfield><subfield code="d">OCLCO</subfield></datafield><datafield ind1=" " ind2=" " tag="012"><subfield code="j">0</subfield><subfield code="m">1</subfield></datafield><datafield ind1=" " ind2=" " tag="019"><subfield code="a">51777232</subfield></datafield><datafield ind1="1" ind2=" " tag="022"><subfield code="a">1045-4039</subfield><subfield code="l">1045-4039</subfield><subfield code="2">1</subfield></datafield><datafield ind1="1" ind2=" " tag="029"><subfield code="a">AU@</subfield><subfield code="b">000020564780</subfield></datafield><datafield ind1=" " ind2=" " tag="032"><subfield code="a">004088</subfield><subfield code="b">USPS</subfield></datafield><datafield ind1=" " ind2=" " tag="037"><subfield code="b">Pioneer Press, 200 James St., Barrington, IL 60010</subfield></datafield><datafield ind1=" " ind2=" " tag="042"><subfield code="a">nsdp</subfield><subfield code="a">pcc</subfield></datafield><datafield ind1=" " ind2=" " tag="043"><subfield code="a">n-us-il</subfield></datafield><datafield ind1=" " ind2="0" tag="222"><subfield code="a">Cary Grove countryside</subfield></datafield><datafield ind1="0" ind2="0" tag="245"><subfield code="a">Cary Grove countryside.</subfield></datafield><datafield ind1="1" ind2=" " tag="246"><subfield code="i">Also published as:</subfield><subfield code="a">Cary-Grove countryside</subfield></datafield><datafield ind1="3" ind2="0" tag="246"><subfield code="a">Countryside</subfield></datafield><datafield ind1=" " ind2=" " tag="260"><subfield code="a">Barrington, Ill. :</subfield><subfield code="b">Pioneer Press,</subfield><subfield code="c">1982-</subfield></datafield><datafield ind1=" " ind2=" " tag="300"><subfield code="a">v.</subfield></datafield><datafield ind1=" " ind2=" " tag="310"><subfield code="a">Weekly,</subfield><subfield code="b">June 8, 1995-</subfield></datafield><datafield ind1=" " ind2=" " tag="321"><subfield code="a">Weekly,</subfield><subfield code="b">Feb. 4, 1982-May 4, 1989</subfield></datafield><datafield ind1=" " ind2=" " tag="321"><subfield code="a">Weekly (except in Mar., June, and Sept.),</subfield><subfield code="b">May 11, 1989-June 1, 1995</subfield></datafield><datafield ind1="0" ind2=" " tag="362"><subfield code="a">Feb. 4, 1982-</subfield></datafield><datafield ind1=" " ind2="0" tag="651"><subfield code="a">Cary (Ill.)</subfield><subfield code="v">Newspapers.</subfield></datafield><datafield ind1=" " ind2="0" tag="651"><subfield code="a">Fox River Grove (Ill.)</subfield><subfield code="v">Newspapers.</subfield></datafield><datafield ind1=" " ind2="7" tag="655"><subfield code="a">Newspapers.</subfield><subfield code="2">fast</subfield><subfield code="0">(OCoLC)fst01423814</subfield></datafield><datafield ind1=" " ind2="7" tag="651"><subfield code="a">Illinois</subfield><subfield code="z">Cary.</subfield><subfield code="2">fast</subfield><subfield code="0">(OCoLC)fst01217728</subfield></datafield><datafield ind1=" " ind2="7" tag="651"><subfield code="a">Illinois</subfield><subfield code="z">Fox River Grove.</subfield><subfield code="2">fast</subfield><subfield code="0">(OCoLC)fst01217729</subfield></datafield><datafield ind1=" " ind2=" " tag="752"><subfield code="a">United States</subfield><subfield code="b">Illinois</subfield><subfield code="c">Lake</subfield><subfield code="d">Barrington.</subfield></datafield><datafield ind1="0" ind2="1" tag="780"><subfield code="t">Fox Valley countryside (Barrington, Ill. : North ed.)</subfield><subfield code="x">0194-1224</subfield><subfield code="w">(DLC)sn 79009445</subfield><subfield code="w">(OCoLC)5320563</subfield></datafield></record>